@book{Proakis,
author = {John G Proakis and Masoud Salehi},
title = {Digital Communications},
publisher = {publisher},
edition = {5},
year = {1995}
}
@book{Ringner,
author = {Markus Ringn√©r},
title = {What is principal component analysis},
publisher = {Nature Biotechnology},
edition = {3},
year = {2001}
}
@book{b2,
author = {Author2 Author2 and CoAuthor CoAuthor2},
title = {Title2},
publisher = {publisher},
edition = {2},
year = {2008}
}
@book{b3,
author = {Author3 Author3 and CoAuthor CoAuthor3},
title = {Title3},
publisher = {publisher},
edition = {3},
year = {2003}
}
@book{b4,
author = {Author4 Author4 and CoAuthor CoAuthor4},
title = {Title4},
publisher = {publisher},
edition = {4},
year = {2004}
}
@book{b5,
author = {Author5 Author5 and CoAuthor CoAuthor5},
title = {Title5},
publisher = {publisher},
edition = {5},
year = {2005}
}
@book{b6,
author = {Author6 Author6 and CoAuthor CoAuthor6},
title = {Title6},
publisher = {publisher6},
edition = {6},
year = {2006}
}