@book{Book1,
  title = {Compendium of Chemical Terminology: ``The Gold Book''},
  author = {McNaught, A. D. and Wilkinson, A.},
  online = {book},
  publisher = {Oxford},
  year = 1997,
  isbn = {0-8-654-26848},
}

@article{Artigo1,
  author = {Igor V. Tetko and Vsevolod Yu. Tanchuk and Tamara N. Kasheva and Alessandro E. P. Villa},
  title = {Estimation of Aqueous Solubility of Chemical Compounds Using E-State Indices},
  month = {11},
  volume = {41},
  journal = {Journal of Chemical Information and Computer Sciences},
  pages = {1488-1493},
  year = {2001}
}

@article{Artigo2,
  author = {Jarmo Huuskonen},
  title = {Estimation of Aqueous Solubility for a Diverse Set of Organic Compounds Based on Molecular Topology},
  month = {05},
  volume = {40},
  journal = {Journal of Chemical Information and Computer Sciences},
  pages = {773-777},
  year = {2000}
}

@mastersthesis{Artigo3,
  author = {Shaikh Muhammad Javed},
  title = {A regression model for mineral solubility as a function of ionic strength and temperature},
  school = {The University of Arizona},
  address = {United States},     
  year = {1991}
}

@online{Link1,
  author = {Barry M. Wise},
  title = {Properties of Partial Least Squares (PLS) Regression, and differences between Algorithms},
  year = {2004},
  url = {http://www.eigenvector.com/Docs/Wise_pls_properties.pdf},
  urldate = {2022-10-18}
}

@article{Bray2018,
  author = {F. Bray and J. Ferlay and I. Soerjomataram and R. L. Siegel and L. A. Torre and others},
  title = {Global cancer statistics 2018: GLOBOCAN estimates of incidence and mortality worldwide for 36 cancers in 185 countries},
  month = {11},
  volume = {68},
  journal = {CA Cancer J Clin.},
  pages = {394-424},
  year = {2018}
}
@book{INCA2019,
editor = {Christine Dieguez}, 
title = {Estimativa 2020 : Incidência de Câncer no Brasil},
publisher = {Instituto Nacional de Câncer José Alencar Gomes da Silva},
location = {Rio de Janeiro},
edition = {1},
year = {2019}
}

@article{Rivera2018,
  author = {Monica M. Rivera-Franco and Leon-Rodriguez Eucario},
  title = {Delays in Breast Cancer Detection and Treatment in Developing Countries},
  month = {01},
  volume = {12},
  journal = {Breast cancer : basic and clinical research},
  pages = {1-5},
  year = {2018}
}

@article{Sledge2014,
  author = {G. W. Sledge and E. P. Mamounas and G. N. Hortobagyi and H. J. Burstein and P. J. Goodwin and A. C. Wolff},
  title = {Past, present, and future challenges in breast cancer treatment},
  month = {07},
  volume = {32},
  journal = {J Clin Oncol.},
  pages = {1979-1986},
  year = {2014}
}

@article{Cardoso2014,
  author = {F. Cardoso and others},
  title = {{ESO-ESMO 2nd international consensus guidelines for advanced breast cancer (ABC2)}},
  month = {07},
  volume = {23},
  journal = {Breast},
  pages = {489-502},
  year = {2014},
  location = {Edinburgh, Scotland}
}
@article{Mangasarian1995,
  author = {Mangasarian, Olvi and Street, Nick and Wolberg, William},
  title = {Breast Cancer Diagnosis and Prognosis Via Linear Programming},
  month = {02},
  volume = {43},
  journal = {Operations Research},
  pages = {570-577},
  year = {1995}
}

@article{Street1993,
  author = {Street, Nick and Wolberg, William and Mangasarian, O},
  year = {1993},
  month = {01},
  title = {Nuclear Feature Extraction For Breast Tumor Diagnosis},
  volume = {1905},
  pages = {861-870},
  journal = {Proc. Soc. Photo-Opt. Inst. Eng.},
  doi = {10.1117/12.148698}
}

@article{Bennett1992,
  author = {Kristin P. Bennett and O. L.   Mangasarian },
  title = {Robust linear programming discrimination of two linearly inseparable sets},
  journal = {Optimization Methods and Software},
  volume = {1},
  number = {1},
  pages = {23-34},
  year  = {1992},
  publisher = {Taylor & Francis},
  doi = {10.1080/10556789208805504},
}

@article{Wolberg1994,
  author = {Wolberg, W H and others},
  title = {Machine learning techniques to diagnose breast cancer from image-processed nuclear features of fine needle aspirates},
  journal = {Cancer letters},
  volume = {77},
  number = {2-3},
  pages = {163-171},
  year  = {1994},
}


@book{Ringner2001,
author = {Markus Ringnér},
title = {What is principal component analysis},
publisher = {Nature Biotechnology},
edition = {3},
year = {2001}
}

@book{Kuhn2013,
  title = {Applied Predictive Modeling},
  author = {Kuhn, Max and Johnson, Kjell},
  online = {book},
  publisher = {Springer},
  year = 2013,
  isbn = {978-1-4614-6848-6},
}

@book{Hastie2009,
  author = {Hastie, Trevor and Tibshirani, Robert and Friedman, Jerome},
  title = {The elements of statistical learning: data mining, inference and prediction},
  edition = 2,
  publisher = {Springer},
  keywords = {inference mathmatics dataanalysis method clutering statistics},
  year = 2009
}

@book{James2013,
  author = {James, Gareth and Witten, Daniela and Hastie, Trevor and Tibshirani, Robert},
  title = {An Introduction to Statistical Learning: with Applications in R},
  publisher = {Springer},
  timestamp = {2019-10-12T23:45:37.000+0200},
  url = {https://faculty.marshall.usc.edu/gareth-james/ISL/},
  keywords = {general_machine_learning},
  year = 2013
}

@article{Abdi2010,
  author = {Abdi, Hervé and Williams, Lynne J.},
  title = {Principal component analysis},
  journal = {WIREs Computational Statistics},
  volume = {2},
  number = {4},
  pages = {433-459},
  doi = {https://doi.org/10.1002/wics.101},
  year = {2010}
}

@book{b1,
author = {Dummy},
title = {Dummy Title},
publisher = {publisher},
edition = {2},
year = {2008}
}